[gd_scene load_steps=7 format=1]

[ext_resource path="res://Baggage.gd" type="Script" id=1]
[ext_resource path="res://Images/emotional_baggage1.png" type="Texture" id=2]
[ext_resource path="res://Images/emotional_baggage2.png" type="Texture" id=3]
[ext_resource path="res://Images/emotional_baggage3.png" type="Texture" id=4]

[sub_resource type="CircleShape2D" id=1]

custom_solver_bias = 0.0
radius = 30.0

[sub_resource type="Animation" id=2]

resource/name = "fade_away"
length = 1.0
loop = false
step = 0.1
tracks/0/type = "value"
tracks/0/path = NodePath("Skins:visibility/opacity")
tracks/0/interp = 1
tracks/0/imported = false
tracks/0/keys = {
"times": FloatArray( 0, 1 ),
"transitions": FloatArray( 1, 1 ),
"update": 0,
"values": [ 1.0, 0.0 ]
}
tracks/1/type = "method"
tracks/1/path = NodePath(".")
tracks/1/interp = 1
tracks/1/imported = false
tracks/1/keys = {
"times": FloatArray( 1 ),
"transitions": FloatArray( 1 ),
"values": [ {
"args": [  ],
"method": "vanish"
} ]
}

[node name="Baggage" type="Area2D"]

input/pickable = true
shapes/0/shape = SubResource( 1 )
shapes/0/transform = Matrix32( 1, 0, 0, 1, 0, 5 )
shapes/0/trigger = false
gravity_vec = Vector2( 0, 1 )
gravity = 98.0
linear_damp = 0.1
angular_damp = 1.0
collision/layers = 4
collision/mask = 4
script/script = ExtResource( 1 )

[node name="Skins" type="Node2D" parent="."]

transform/scale = Vector2( 8, 8 )

[node name="Sprite" type="Sprite" parent="Skins"]

visibility/visible = false
texture = ExtResource( 2 )

[node name="Sprite1" type="Sprite" parent="Skins"]

visibility/visible = false
texture = ExtResource( 3 )

[node name="Sprite2" type="Sprite" parent="Skins"]

visibility/visible = false
texture = ExtResource( 4 )

[node name="CollisionShape2D" type="CollisionShape2D" parent="."]

transform/pos = Vector2( 0, 5 )
shape = SubResource( 1 )
trigger = false
_update_shape_index = 0

[node name="AnimationPlayer" type="AnimationPlayer" parent="."]

playback/process_mode = 1
playback/default_blend_time = 0.0
root/root = NodePath("..")
anims/fade_away = SubResource( 2 )
playback/active = true
playback/speed = 1.0
blend_times = [  ]
autoplay = ""

[connection signal="body_enter" from="." to="." method="_on_Baggage_body_enter"]


